@article{shen2018understanding,
  title={Understanding the usage of dockless bike sharing in {S}ingapore},
  author={Shen, Yu and Zhang, Xiaohu and Zhao, Jinhua},
  journal={International Journal of Sustainable Transportation},
  volume={12},
  number={9},
  pages={686--700},
  year={2018},
  publisher={Taylor \& Francis}
}
@article{caggiani2017dynamic,
  title={A dynamic clustering method for relocation process in free-floating vehicle sharing systems},
  author={Caggiani, Leonardo and Camporeale, Rosalia and Ottomanelli, Michele},
  journal={Transportation Research Procedia},
  volume={27},
  pages={278--285},
  year={2017},
  publisher={Elsevier}
}
@article{pal2017free,
  title={Free-floating bike sharing: Solving real-life large-scale static rebalancing problems},
  author={Pal, Aritra and Zhang, Yu},
  journal={Transportation Research Part C: Emerging Technologies},
  volume={80},
  pages={92--116},
  year={2017},
  publisher={Elsevier}
}
@article{liu2018static,
  title={A static free-floating bike repositioning problem with multiple heterogeneous vehicles, multiple depots, and multiple visits},
  author={Liu, Ying and Szeto, WY and Ho, Sin C},
  journal={Transportation Research Part C: Emerging Technologies},
  volume={92},
  pages={208--242},
  year={2018},
  publisher={Elsevier}
}
@article{waserhole2012vehicle,
  title={Vehicle sharing system pricing regulation: Transit optimization of intractable queuing network},
  author={Waserhole, Ariel and Jost, Vincent},
  journal={HAL Id: hal-00751744},
  pages={1--20},
  year={2012}
}
@article{caggiani2013dynamic,
  title={A dynamic simulation based model for optimal fleet repositioning in bike-sharing systems},
  author={Caggiani, Leonardo and Ottomanelli, Michele},
  journal={Procedia-Social and Behavioral Sciences},
  volume={87},
  pages={203--210},
  year={2013},
  publisher={Elsevier}
}
@article{chemla2013bike,
  title={Bike sharing systems: Solving the static rebalancing problem},
  author={Chemla, Daniel and Meunier, Fr{\'e}d{\'e}ric and Calvo, Roberto Wolfler},
  journal={Discrete Optimization},
  volume={10},
  number={2},
  pages={120--146},
  year={2013},
  publisher={Elsevier}
}
@article{dell2014bike,
  title={The bike sharing rebalancing problem: Mathematical formulations and benchmark instances},
  author={Dell'Amico, Mauro and Hadjicostantinou, Eleni and Iori, Manuel and Novellani, Stefano},
  journal={Omega},
  volume={45},
  pages={7--19},
  year={2014},
  publisher={Elsevier}
}
@inproceedings{duan2019optimizing,
  title={Optimizing rebalance scheme for dock-less bike sharing systems with adaptive user incentive},
  author={Duan, Yubin and Wu, Jie},
  booktitle={2019 20th IEEE International Conference on Mobile Data Management (MDM)},
  pages={176--181},
  year={2019},
  organization={IEEE}
}
@article{erdougan2015exact,
  title={An exact algorithm for the static rebalancing problem arising in bicycle sharing systems},
  author={Erdo{\u{g}}an, G{\"u}ne{\c{s}} and Battarra, Maria and Calvo, Roberto Wolfler},
  journal={European Journal of Operational Research},
  volume={245},
  number={3},
  pages={667--679},
  year={2015},
  publisher={Elsevier}
}
@article{faghih2014land,
  title={How land-use and urban form impact bicycle flows: evidence from the bicycle-sharing system ({BIXI}) in {M}ontreal},
  author={Faghih-Imani, Ahmadreza and Eluru, Naveen and El-Geneidy, Ahmed M and Rabbat, Michael and Haq, Usama},
  journal={Journal of Transport Geography},
  volume={41},
  pages={306--314},
  year={2014},
  publisher={Elsevier}
}
@article{fishman2016bikeshare,
  title={Bikeshare: A review of recent literature},
  author={Fishman, Elliot},
  journal={Transport Reviews},
  volume={36},
  number={1},
  pages={92--113},
  year={2016},
  publisher={Taylor \& Francis}
}
@article{forma20153,
  title={A 3-step math heuristic for the static repositioning problem in bike-sharing systems},
  author={Forma, Iris A and Raviv, Tal and Tzur, Michal},
  journal={Transportation research part B: methodological},
  volume={71},
  pages={230--247},
  year={2015},
  publisher={Elsevier}
}
@article{frade2014bicycle,
  title={Bicycle sharing systems demand},
  author={Frade, In{\^e}s and Ribeiro, Anabela},
  journal={Procedia-Social and Behavioral Sciences},
  volume={111},
  pages={518--527},
  year={2014},
  publisher={Elsevier}
}
@incollection{freund2020data,
  title={Data-driven rebalancing methods for bike-share systems},
  author={Freund, Daniel and Norouzi-Fard, Ashkan and Paul, Alice and Wang, Carter and Henderson, Shane G and Shmoys, David B},
  booktitle={Analytics for the Sharing Economy: Mathematics, Engineering and Business Perspectives},
  pages={255--278},
  year={2020},
  publisher={Springer}
}
@article{fricker2016incentives,
  title={Incentives and redistribution in homogeneous bike-sharing systems with stations of finite capacity},
  author={Fricker, Christine and Gast, Nicolas},
  journal={Euro journal on transportation and logistics},
  volume={5},
  number={3},
  pages={261--291},
  year={2016},
  publisher={Springer}
}
@article{gambella2018optimizing,
  title={Optimizing relocation operations in electric car-sharing},
  author={Gambella, Claudio and Malaguti, Enrico and Masini, Filippo and Vigo, Daniele},
  journal={Omega},
  volume={81},
  pages={234--245},
  year={2018},
  publisher={Elsevier}
}
@article{ho2014solving,
  title={Solving a static repositioning problem in bike-sharing systems using iterated tabu search},
  author={Ho, Sin C and Szeto, WY},
  journal={Transportation Research Part E: Logistics and Transportation Review},
  volume={69},
  pages={180--198},
  year={2014},
  publisher={Elsevier}
}
@article{ji2020does,
  title={How Does Dockless Bike-Sharing System Behave by Incentivizing Users to Participate in Rebalancing?},
  author={Ji, Yanjie and Jin, Xue and Ma, Xinwei and Zhang, Shuichao},
  journal={IEEE Access},
  volume={8},
  pages={58889--58897},
  year={2020},
  publisher={IEEE}
}
@article{kaviti2019assessing,
  title={Assessing service and price sensitivities, and pivot elasticities of public bikeshare system users through monadic design and ordered logit regression},
  author={Kaviti, Shruthi and Venigalla, Mohan M},
  journal={Transportation Research Interdisciplinary Perspectives},
  volume={1},
  pages={100015},
  year={2019},
  publisher={Elsevier}
}
@article{li2019operating,
  title={Operating characteristics of dockless bike-sharing systems near metro stations: Case study in {N}anjing city, {C}hina},
  author={Li, Yuan and Zhu, Zhenjun and Guo, Xiucheng},
  journal={Sustainability},
  volume={11},
  number={8},
  pages={2256},
  year={2019},
  publisher={Multidisciplinary Digital Publishing Institute}
}
@inproceedings{pan2019deep,
  title={A deep reinforcement learning framework for rebalancing dockless bike sharing systems},
  author={Pan, Ling and Cai, Qingpeng and Fang, Zhixuan and Tang, Pingzhong and Huang, Longbo},
  booktitle={Proceedings of the AAAI conference on artificial intelligence},
  volume={33},
  pages={1393--1400},
  year={2019}
}
@inproceedings{liu2016rebalancing,
  title={Rebalancing bike sharing systems: A multi-source data smart optimization},
  author={Liu, Junming and Sun, Leilei and Chen, Weiwei and Xiong, Hui},
  booktitle={Proceedings of the 22nd ACM SIGKDD International Conference on Knowledge Discovery and Data Mining},
  pages={1005--1014},
  year={2016}
}
@inproceedings{liu2016rebalancing,
  title={Rebalancing bike sharing systems: A multi-source data smart optimization},
  author={Liu, Junming and Sun, Leilei and Chen, Weiwei and Xiong, Hui},
  booktitle={Proceedings of the 22nd ACM SIGKDD International Conference on Knowledge Discovery and Data Mining},
  pages={1005--1014},
  year={2016}
}
@article{pfrommer2014dynamic,
  title={Dynamic vehicle redistribution and online price incentives in shared mobility systems},
  author={Pfrommer, Julius and Warrington, Joseph and Schildbach, Georg and Morari, Manfred},
  journal={IEEE Transactions on Intelligent Transportation Systems},
  volume={15},
  number={4},
  pages={1567--1578},
  year={2014},
  publisher={IEEE}
}
@inproceedings{reiss2015gps,
  title={{GPS}-data analysis of {M}unich's free-floating bike sharing system and application of an operator-based relocation strategy},
  author={Reiss, Svenja and Bogenberger, Klaus},
  booktitle={2015 IEEE 18th international conference on intelligent transportation systems},
  pages={584--589},
  year={2015},
  organization={IEEE}
}
@article{schuijbroek2017inventory,
  title={Inventory rebalancing and vehicle routing in bike sharing systems},
  author={Schuijbroek, Jasper and Hampshire, Robert C and Van Hoeve, W-J},
  journal={European Journal of Operational Research},
  volume={257},
  number={3},
  pages={992--1004},
  year={2017},
  publisher={Elsevier}
}
@article{tran2015modeling,
  title={Modeling bike sharing system using built environment factors},
  author={Tran, Tien Dung and Ovtracht, Nicolas and dâ€™Arcier, Bruno Faivre},
  journal={Procedia Cirp},
  volume={30},
  pages={293--298},
  year={2015},
  publisher={Elsevier}
}
@article{xing2020exploring,
  title={Exploring travel patterns and trip purposes of dockless bike-sharing by analyzing massive bike-sharing data in {S}hanghai, {C}hina},
  author={Xing, Yingying and Wang, Ke and Lu, Jian John},
  journal={Journal of transport geography},
  volume={87},
  pages={102787},
  year={2020},
  publisher={Elsevier}
}
@article{ghosh2017incentivizing,
  title={Incentivizing the use of bike trailers for dynamic repositioning in bike sharing systems},
  author={Ghosh, Supriyo and Varakantham, Pradeep},
  year={2017},
  publisher={AAAI Press}
}

@article{shen2018mobility,
  title={The mobility patterns of dockless bike sharing: A four-month study in {S}ingapore},
  author={Shen, Yu and Zhang, Xiaohu and Zhao, Jinhua},
  journal={Transportation Research Part D: Transport and Environment},
  year={forthcoming},
  publisher={Elsevier}
}

@article{gurobi2018gurobi,
  title={Gurobi optimizer reference manual},
  author={{Gurobi Optimization Inc.}},
  journal={URL http://www.gurobi.com},
  year={2018}
}

@article{demaio2009bike,
  title={Bike-sharing: History, impacts, models of provision, and future},
  author={DeMaio, Paul},
  journal={Journal of public transportation},
  volume={12},
  number={4},
  pages={3},
  year={2009}
}

@article{shaheen2010bikesharing,
  title={Bikesharing in {E}urope, the {A}mericas, and {A}sia: past, present, and future},
  author={Shaheen, Susan A and Guzman, Stacey and Zhang, Hua},
  journal={Transportation Research Record},
  volume={2143},
  number={1},
  pages={159--167},
  year={2010},
  publisher={SAGE Publications Sage CA: Los Angeles, CA}
}

@article{lukusa2020horvitz,
  title={A Horvitz-type estimation on incomplete traffic accident data analyzed via a zero-inflated Poisson model},
  author={Lukusa, Martin T and Phoa, Frederick Kin Hing},
  journal={Accident Analysis \& Prevention},
  volume={134},
  pages={105235},
  year={2020},
  publisher={Elsevier}
}

@article{mannering2014analytic,
  title={Analytic methods in accident research: Methodological frontier and future directions},
  author={Mannering, Fred L and Bhat, Chandra R},
  journal={Analytic methods in accident research},
  volume={1},
  pages={1--22},
  year={2014},
  publisher={Elsevier}
}

@article{vishkaei2020balancing,
  title={Balancing public bicycle sharing system using inventory critical levels in queuing network},
  author={Vishkaei, Behzad Maleki and Mahdavi, Iraj and Mahdavi-Amiri, Nezam and Khorram, Esmaile},
  journal={Computers \& Industrial Engineering},
  volume={141},
  pages={106277},
  year={2020},
  publisher={Elsevier}
}

@inproceedings{zhang2015queueing,
  title={A queueing network approach to the analysis and control of mobility-on-demand systems},
  author={Zhang, Rick and Pavone, Marco},
  booktitle={2015 American Control Conference (ACC)},
  pages={4702--4709},
  year={2015},
  organization={IEEE}
}

@inproceedings{chen2016dynamic,
  title={Dynamic cluster-based over-demand prediction in bike sharing systems},
  author={Chen, Longbiao and Zhang, Daqing and Wang, Leye and Yang, Dingqi and Ma, Xiaojuan and Li, Shijian and Wu, Zhaohui and Pan, Gang and Nguyen, Thi-Mai-Trang and Jakubowicz, J{\'e}r{\'e}mie},
  booktitle={Proceedings of the 2016 ACM International Joint Conference on Pervasive and Ubiquitous Computing},
  pages={841--852},
  year={2016}
}

@article{kaltenbrunner2010urban,
  title={Urban cycles and mobility patterns: Exploring and predicting trends in a bicycle-based public transport system},
  author={Kaltenbrunner, Andreas and Meza, Rodrigo and Grivolla, Jens and Codina, Joan and Banchs, Rafael},
  journal={Pervasive and Mobile Computing},
  volume={6},
  number={4},
  pages={455--466},
  year={2010},
  publisher={Elsevier}
}

@inproceedings{hulot2018towards,
  title={Towards station-level demand prediction for effective rebalancing in bike-sharing systems},
  author={Hulot, Pierre and Aloise, Daniel and Jena, Sanjay Dominik},
  booktitle={Proceedings of the 24th ACM SIGKDD International Conference on Knowledge Discovery \& Data Mining},
  pages={378--386},
  year={2018}
}

@article{ve2020rule,
  title={A rule-based model for Seoul Bike sharing demand prediction using weather data},
  author={VE, Sathishkumar and Cho, Yongyun},
  journal={European Journal of Remote Sensing},
  volume={53},
  number={sup1},
  pages={166--183},
  year={2020},
  publisher={Taylor \& Francis}
}

@article{xu2020hybrid,
  title={A hybrid machine learning model for demand prediction of edge-computing-based bike-sharing system using internet of things},
  author={Xu, Tiantian and Han, Guangjie and Qi, Xingyue and Du, Jiaxin and Lin, Chuan and Shu, Lei},
  journal={IEEE Internet of Things Journal},
  volume={7},
  number={8},
  pages={7345--7356},
  year={2020},
  publisher={IEEE}
}

@article{zhou2015understanding,
  title={Understanding spatiotemporal patterns of biking behavior by analyzing massive bike sharing data in Chicago},
  author={Zhou, Xiaolu},
  journal={PloS one},
  volume={10},
  number={10},
  pages={e0137922},
  year={2015},
  publisher={Public Library of Science}
}

@book{molnar2019,
  title      = {Interpretable Machine Learning},
  author     = {Christoph Molnar},
  note       = {\url{https://christophm.github.io/interpretable-ml-book/}},
  year       = {2019},
  subtitle   = {A Guide for Making Black Box Models Explainable}
}

@inproceedings{liu2016rebalancing,
  title={Rebalancing bike sharing systems: A multi-source data smart optimization},
  author={Liu, Junming and Sun, Leilei and Chen, Weiwei and Xiong, Hui},
  booktitle={Proceedings of the 22nd ACM SIGKDD International Conference on Knowledge Discovery and Data Mining},
  pages={1005--1014},
  year={2016}
}

@online{SHAPJO,
  author = {Joshua Poduska},
  title = {SHAP and LIME Python Libraries:Part 2 - Using SHAP and LIME},
  year = 2019,
  url = {https://blog.dominodatalab.com/shap-lime-python-libraries-part-2-using-shap-lime/},
  urldate = {2019-01-14}
}